<record xmlns='http://www.loc.gov/MARC21/slim'
><leader
  >02640ntm a2200325Ii 4500</leader
  ><controlfield tag='001'
  >991058310491006011</controlfield
  ><controlfield tag='005'
  >20220527141633.0</controlfield
  ><controlfield tag='008'
  >220526s1612    it            000 0 eng d</controlfield
  ><datafield ind1=' ' ind2=' ' tag='035'
  ><subfield code='a'
    >(OCoLC)1320867374h</subfield
    ></datafield
  ><datafield ind1=' ' ind2=' ' tag='035'
  ><subfield code='a'
    >(OCoLC)on1320867374h</subfield
    ></datafield
  ><datafield ind1=' ' ind2=' ' tag='040'
  ><subfield code='a'
    >HRH</subfield
    ><subfield code='b'
    >eng</subfield
    ><subfield code='e'
    >dcrmmss</subfield
    ><subfield code='c'
    >HRH</subfield
    ></datafield
  ><datafield ind1=' ' ind2=' ' tag='041'
  ><subfield code='a'
    >ita</subfield
    ></datafield
  ><datafield ind1=' ' ind2=' ' tag='049'
  ><subfield code='a'
    >HRHH</subfield
    ></datafield
  ><datafield ind1=' ' ind2='9' tag='099'
  ><subfield code='a'
    >MS 3327, Container 102</subfield
    ></datafield
  ><datafield ind1='0' ind2='0' tag='245'
  ><subfield code='a'
    >Del bene de la vechiezza, Italian translation of De bono senectutis, made by Anchise Straccha of Bolzano (fl. 17th century) :</subfield
    ><subfield code='k'
    >manuscript.</subfield
    ></datafield
  ><datafield ind1=' ' ind2=' ' tag='260'
  ><subfield code='a'
    >Italy ;</subfield
    ><subfield code='c'
    >1612, completed February 16</subfield
    ></datafield
  ><datafield ind1=' ' ind2=' ' tag='300'
  ><subfield code='a'
    >1 volume (Paginated i-xl, 1-686) :</subfield
    ><subfield code='b'
    >paper,</subfield
    ><subfield code='c'
    >21 x 15 cm</subfield
    ></datafield
  ><datafield ind1=' ' ind2=' ' tag='506'
  ><subfield code='a'
    >Use: Unrestricted, for either reading room or classroom use</subfield
    ></datafield
  ><datafield ind1=' ' ind2=' ' tag='520'
  ><subfield code='a'
    >Contents include:1. fol. ii-iv: letter of the translator to the reader, wrongly dated 1516 from Venice;2. fol. ix-xv: letter of the author to the Christian reader dated 1595 from Rome;3. fol. xvii-xxiv: preface;4. fol. xxv-xxxiii: tripartite index of chapters;5. pp. 1-678: Del bene de la vechiezza;6. pp. 679-686: list of saints who reached old age and prayers for use by the elderly.</subfield
    ></datafield
  ><datafield ind1=' ' ind2=' ' tag='500'
  ><subfield code='a'
    >Contemporary pagination for primary text (pp. 1-678), but preceded by 40 leaves.</subfield
    ></datafield
  ><datafield ind1=' ' ind2=' ' tag='590'
  ><subfield code='a'
    >MS 3327, Container 102: Offered by London booksellers McLeish &amp; Sons, Catalogue 44, no. 2; acquired by Edward A. Parsons (1878-1962) of New Orleans, Louisiana, presumably in March 1929, his bookplate on the inside front cover and a pencil note on the rear flyleaf. Binding (Italy? late 19th c?): Full dark brown tanned goatskin over paper boards, understood to be an imitation of a style of 16th c Italian binding. Reverse caps, cut head edge, tight back over sewing supports.  Gold-tooled single-line border, interlaced ribbons, acanthus leaves, etc., central cameo (Apollo in chariot), front and back covers; gold-tooled single lines across spine, small floral motifs in panels, no title. Sewn on two raised cords (third false raised band). Transverse spine linings with extensions adhered to inside of boards. Sewn endbands (indeterminate color) over parchment core, front bead. Endleaf components: front sewn outer-hook endleaf fold making folded stub, pastedown, one free endleaf; back same.</subfield
    ></datafield
  ><datafield ind1=' ' ind2='0' tag='650'
  ><subfield code='a'
    >Saints.</subfield
    ></datafield
  ><datafield ind1='1' ind2=' ' tag='790'
  ><subfield code='a'
    >McLeish &amp; Sons,</subfield
    ><subfield code='e'
    >seller.</subfield
    ></datafield
  ><datafield ind1='1' ind2=' ' tag='790'
  ><subfield code='a'
    >Parsons, Edward Alexander, 1878-1962,</subfield
    ><subfield code='e'
    >former owner.</subfield
    ></datafield
  ><datafield ind1='2' ind2=' ' tag='791'
  ><subfield code='a'
    >Medieval and Early Modern Manuscripts Collection.</subfield
    ></datafield
  ><datafield ind1=' ' ind2=' ' tag='752'
  ><subfield code='a'
    >Italy,</subfield
    ><subfield code='e'
    >producation place.</subfield
    ></datafield
  ><datafield ind1='1' ind2=' ' tag='979'
  ><subfield code='a'
    >McLeish &amp; Sons,</subfield
    ><subfield code='e'
    >seller.</subfield
    ></datafield
  ><datafield ind1='1' ind2=' ' tag='979'
  ><subfield code='a'
    >Parsons, Edward Alexander, 1878-1962,</subfield
    ><subfield code='e'
    >former owner.</subfield
    ></datafield
  ><datafield ind1='2' ind2=' ' tag='979'
  ><subfield code='a'
    >Medieval and Early Modern Manuscripts Collection.</subfield
    ></datafield
  ><datafield ind1=' ' ind2=' ' tag='994'
  ><subfield code='a'
    >C0</subfield
    ><subfield code='b'
    >HRH</subfield
    ></datafield
  ></record
>